@InBook{isoperimetric-inequalities,
    author="Bandle, Catherine",
    title="Isoperimetric Inequalities and Applications",
    year="1980",
    publisher="Pitman, London"
}

@InBook{
    stable-solutions-elliptic,
    author="Dupaigne, Louis",
    title="Stable Solutions of Elliptic Partial Differential Equations",
    year="2011",
    publisher="Chapman \& Hall",
}

@InProceedings{
    gidas-ni-nirenberg,
    author="Basilis, Gidas and Ni, Wei-Ming and Louis Nirenberg",
    title="Symmetry and Related Properties via the Maximum Principle",
    year="1979",
    booktitle="Commun. Math. Phys. 68, 209-243",
    publisher="Springer-Verlag"
}


@InProceedings{
    bratu,
    author="Khuri, S.A.",
    title="A new approach to Bratu's problem",
    year="2004",
    booktitle="Applied Mathematics and Computation 147(1):131-136",
}

@InProceedings{
    new-solutions,
    author="Plum, M and Wieners, C",
    title="New Solutions to the Gelfand problem",
    year="2002",
    booktitle="Journal of Mathematical Analysis and Applications 269, 588-606"
}

@Article{Pacard2014,
author="Pacard, Frank
and Pacella, Filomena
and Sciunzi, Berardino",
title="Solutions of Semilinear Elliptic Equations in Tubes",
journal="Journal of Geometric Analysis",
year="2014",
month="Jan",
day="01",
volume="24",
number="1",
pages="445--471",
}


@ARTICLE{hoffman-ostenhof,
   author = {{Hoffmann-Ostenhof}, T.},
    title = "{A comparison theorem for differential inequalities with applications in quantum mechanics}",
  journal = {Journal of Physics A Mathematical General},
     year = 1980,
    month = feb,
   volume = 13,
    pages = {417-424},
      doi = {10.1088/0305-4470/13/2/009},
}


